@misc{mimiciii_waveform_matched,
  author       = {Benjamin Moody and George Moody and Mauricio Villarroel and Gari D. Clifford and Ikaro Silva},
  title        = {MIMIC-III Waveform Database Matched Subset},
  year         = {2020},
  version      = {1.0},
  note         = {Published: April 7, 2020},
  howpublished = {\url{https://physionet.org/content/mimic3wdb-matched/1.0/}}
}

@misc{mimic_perform_af,
  author       = {{MIMIC PERform AF Dataset contributors}},
  title        = {MIMIC PERform AF Dataset},
  year         = {2020},
  howpublished = {\url{https://physionet.org/content/mimic-perform-af/}}
}

@article{liu2022multiclass,
  title     = {Multiclass Arrhythmia Detection and Classification From Photoplethysmography Signals Using a Deep Convolutional Neural Network},
  author    = {Liu, Zengding and Zhou, Bin and Jiang, Zhiming and Chen, Xi and Li, Ye and Tang, Min and Miao, Fen},
  journal   = {Journal of the American Heart Association},
  volume    = {11},
  number    = {7},
  pages     = {e023555},
  year      = {2022},
  publisher = {Am Heart Assoc}
}

@misc{physionet_challenge_2015,
  author       = {Clifford, Gari D. and Silva, Ikaro and Moody, Benjamin and Liu, Chengyu and Mark, Roger G.},
  title        = {PhysioNet/Computing in Cardiology Challenge 2015: Reducing False Arrhythmia Alarms in the ICU},
  year         = {2015},
  howpublished = {\url{https://archive.physionet.org/challenge/2015/}},
  note         = {Accessed July 2025. Dataset provided as part of the PhysioNet/CinC Challenge 2015.}
}

@misc{solosenko2022,
  author    = {Solosenko, A. and Petrenas, A. and Paliakaite, B. and Marozas, V. and Sornmo, L.},
  title     = {Model for Simulating ECG and PPG Signals with Arrhythmia Episodes},
  year      = {2022},
  publisher = {PhysioNet},
  doi       = {10.13026/s32e-sv15},
  url       = {https://doi.org/10.13026/s32e-sv15}
}

@article{dawber1973dicrotic,
  author  = {Dawber, Thomas R. and Thomas, H. E. and Mcnamara, P. M.},
  title   = {Characteristics of the dicrotic notch of the arterial pulse wave in coronary heart disease},
  journal = {Angiology},
  volume  = {24},
  number  = {4},
  pages   = {244--255},
  year    = {1973},
  doi     = {10.1177/000331977302400407}
}

@article{Farokhipour2023,
  author  = {Farokhipour, Maryam and Ketabchi, Farzaneh},
  title   = {The Validity of Heart Rate Variability Obtained from Electrocardiography and Blood Pressure in Rats Subjected to Isoproterenol-Induced Heart Ischemia},
  journal = {Journal of Tehran University Heart Center},
  year    = {2023},
  volume  = {18},
  number  = {1},
  pages   = {33--38},
  month   = jan,
  doi     = {10.18502/jthc.v18i1.12579},
  pmid    = {37252214},
  pmcid   = {PMC10225032},
  url     = {https://doi.org/10.18502/jthc.v18i1.12579}
}

@book{liu2007web,
  author    = {Bing Liu},
  title     = {Web Data Mining},
  year      = {2007},
  publisher = {Springer Berlin / Heidelberg}
}

@book{kuhn2013applied,
  author    = {Max Kuhn and Kjell Johnson},
  title     = {Applied Predictive Modeling},
  year      = {2013},
  publisher = {Springer}
}

@article{valiant1984,
  author  = {Valiant, Leslie},
  title   = {A Theory of the Learnable},
  journal = {Communications of the ACM},
  year    = {1984},
  volume  = {27},
  pages   = {1134--1142}
}

@inproceedings{kearns1989,
  author    = {Kearns, Michael and Valiant, Leslie},
  title     = {Cryptographic Limitations on Learning Boolean Formulae and Finite Automata},
  booktitle = {Proceedings of the Twenty-First Annual ACM Symposium on Theory of Computing},
  year      = {1989}
}

@article{matthews1975,
  author  = {Matthews, B. W.},
  title   = {Comparison of the Predicted and Observed Secondary Structure of T4 Phage Lysozyme},
  journal = {Biochimica et Biophysica Acta (BBA) - Protein Structure},
  volume  = {405},
  number  = {2},
  pages   = {442--451},
  year    = {1975},
  doi     = {10.1016/0005-2795(75)90109-9},
  pmid    = {1180967}
}

@book{hertz1993,
  author    = {Hertz, J. and Krogh, A. and Palmer, R. G.},
  title     = {Wstęp do teorii obliczeń neuronowych},
  year      = {1993},
  publisher = {WNT},
  address   = {Warszawa},
  language  = {polish}
}

@book{suykens2002,
  author    = {J. A. K. Suykens and T. Van Gestel and J. De Brabanter and B. De Moor and J. Vandewalle},
  title     = {Least Squares Support Vector Machines},
  year      = {2002},
  publisher = {World Scientific Pub. Co.},
  address   = {Singapore},
  isbn      = {981-238-151-1}
}

@misc{bigbossfarin2021,
  author       = {Bigbossfarin},
  title        = {Bias and variance contributing to total error},
  year         = {2021},
  howpublished = {\url{https://en.wikipedia.org/wiki/File:Bias_and_variance_contributing_to_total_error.svg}},
  note         = {Own work. CC0 license. Accessed: 2025-07-28}
}

@article{altman1994,
  author  = {Altman, D. G. and Bland, J. M.},
  title   = {Diagnostic Tests 3: Receiver Operating Characteristic Plots},
  journal = {British Medical Journal},
  year    = {1994},
  volume  = {309},
  number  = {6948},
  pages   = {188},
  doi     = {10.1136/bmj.309.6948.188}
}

@article{brown2006roc,
  author  = {Brown, C. and Davis, H.},
  title   = {Receiver Operating Characteristics Curves and Related Decision Measures: A Tutorial},
  journal = {Chemometrics and Intelligent Laboratory Systems},
  volume  = {80},
  number  = {1},
  pages   = {24--38},
  year    = {2006}
}

@article{fawcett2006,
  author  = {Fawcett, Tom},
  title   = {An Introduction to ROC Analysis},
  journal = {Pattern Recognition Letters},
  year    = {2006},
  volume  = {27},
  number  = {8},
  pages   = {861--874},
  doi     = {10.1016/j.patrec.2005.10.010}
}

@online{solecki2025roc,
  author       = {Przemysław Solecki},
  title        = {Krzywe ROC i ocena jakości klasyfikacji},
  year         = {2025},
  url          = {https://predictivesolutions.pl/krzywe-roc-i-ocena-jakosci-klasyfikacji},
  note         = {Dostęp: 29 lipca 2025},
  organization = {Predictive Solutions}
}


@article{mcclish1989roc,
  author  = {McClish, David K.},
  title   = {Analyzing a Portion of the ROC Curve},
  journal = {Medical Decision Making},
  year    = {1989},
  volume  = {9},
  pages   = {190--195},
  doi     = {10.1177/0272989X8900900307}
}

@misc{mathworks_resample_2025,
  author       = {{MathWorks}},
  title        = {resample},
  year         = {2025},
  note         = {Version R2024b},
  howpublished = {\url{https://www.mathworks.com/help/releases/R2024b/signal/ref/resample.html}},
  urldate      = {2025-07-31}
}

@article{kingma2014adam,
  title   = {Adam: A Method for Stochastic Optimization},
  author  = {Kingma, Diederik P. and Ba, Jimmy},
  journal = {arXiv preprint arXiv:1412.6980},
  year    = {2014},
  url     = {https://arxiv.org/abs/1412.6980}
}

@article{ruder2016overview,
  title   = {An overview of gradient descent optimization algorithms},
  author  = {Ruder, Sebastian},
  journal = {arXiv preprint arXiv:1609.04747},
  year    = {2016},
  url     = {https://arxiv.org/abs/1609.04747}
}